@article{RN1672,
   author = {Rule, J. S. and Tenenbaum, J. B. and Piantadosi, S. T.},
   title = {The Child as Hacker},
   journal = {Trends Cogn Sci},
   DOI = {10.1016/j.tics.2020.07.005},
   year = {2020}
}
