@article{RN417,
   author = {Hamaker, E. L. and Kuiper, R. M. and Grasman, R. P.},
   title = {A critique of the cross-lagged panel model},
   journal = {Psychol Methods},
   volume = {20},
   number = {1},
   pages = {102-16},
   ISSN = {1939-1463 (Electronic)
1082-989X (Linking)},
   DOI = {10.1037/a0038889},
   url = {https://www.ncbi.nlm.nih.gov/pubmed/25822208},
   year = {2015},
   type = {Journal Article}
}
